@Article{gene2vec,
    author={Du, Jingcheng
    and Jia, Peilin
    and Dai, Yulin
    and Tao, Cui
    and Zhao, Zhongming
    and Zhi, Degui},
    title={Gene2vec: distributed representation of genes based on co-expression},
    journal={BMC Genomics},
    year={2019},
    month={Feb},
    day={04},
    volume={20},
    number={1},
    pages={82},
    abstract={Existing functional description of genes are categorical, discrete, and mostly through manual process. In this work, we explore the idea of gene embedding, distributed representation of genes, in the spirit of word embedding.},
    issn={1471-2164},
    doi={10.1186/s12864-018-5370-x},
    url={https://doi.org/10.1186/s12864-018-5370-x}
}
