@INPROCEEDINGS{embedGCN,
    author={Zhu, Lvxing and Hong, Zhaolin and Zheng, Haoran},
    booktitle={2019 IEEE International Conference on Bioinformatics and Biomedicine (BIBM)}, 
    title={Predicting gene-disease associations via graph embedding and graph convolutional networks}, 
    year={2019},
    volume={},
    number={},
    pages={382-389},
    keywords={gene-disease associations;machine learning;graph embedding;graph convolutional networks},
    doi={10.1109/BIBM47256.2019.8983350}
}

@article{DisDisEdge,
    author = {Wang, Dong and Wang, Juan and Lu, Ming and Song, Fei and Cui, Qinghua},
    title = "{Inferring the human microRNA functional similarity and functional
        network based on microRNA-associated diseases}",
    journal = {Bioinformatics},
    volume = {26},
    number = {13},
    pages = {1644-1650},
    year = {2010},
    month = {05},
    issn = {1367-4803},
    doi = {10.1093/bioinformatics/btq241},
    url = {https://doi.org/10.1093/bioinformatics/btq241},
    eprint = {https://academic.oup.com/bioinformatics/article-pdf/26/13/1644/48853059/bioinformatics\_26\_13\_1644.pdf},
}

@inproceedings{kipfGCN,
    title={Semi-Supervised Classification with Graph Convolutional Networks},
    author={Thomas N. Kipf and Max Welling},
    booktitle={International Conference on Learning Representations},
    year={2017},
    url={https://openreview.net/forum?id=SJU4ayYgl}
}

@misc{modalityChoicesCode,
    author = "Felix Brechtmann",
    title = "A genome-wide experiment-based functional gene embedding",
    howpublished = {Available: \url{https://github.com/gagneurlab/gene-embedding/tree/v1.0.0/}},
    note = "Accessed: 09 August 2024",
    month = {Apr},
    year = 2023
}
